<record><leader>00000cas a2200000 a 4500</leader><controlfield tag="001">8786860</controlfield><controlfield tag="008">820918d18641865couwr ne      0   a0eng  </controlfield><datafield ind1=" " ind2=" " tag="010"><subfield code="a">sn 82014494 </subfield></datafield><datafield ind1=" " ind2=" " tag="040"><subfield code="a">DLC</subfield><subfield code="b">eng</subfield><subfield code="c">DLC</subfield><subfield code="d">NPX</subfield><subfield code="d">NPT</subfield><subfield code="d">UNP</subfield><subfield code="d">DLC</subfield><subfield code="d">CNQ</subfield><subfield code="d">CNK</subfield><subfield code="d">CNW</subfield><subfield code="d">NVG</subfield><subfield code="d">OCL</subfield><subfield code="d">DLC</subfield><subfield code="d">CUI</subfield><subfield code="d">OCLCQ</subfield><subfield code="d">OCLCF</subfield></datafield><datafield ind1="1" ind2=" " tag="029"><subfield code="a">AU@</subfield><subfield code="b">000020225036</subfield></datafield><datafield ind1=" " ind2=" " tag="042"><subfield code="a">pcc</subfield></datafield><datafield ind1=" " ind2=" " tag="043"><subfield code="a">n-us-co</subfield></datafield><datafield ind1="0" ind2="0" tag="050"><subfield code="a">Newspaper</subfield></datafield><datafield ind1=" " ind2="4" tag="050"><subfield code="a">AN</subfield></datafield><datafield ind1="0" ind2=" " tag="130"><subfield code="a">Weekly Rocky Mountain news (Denver, Colo. : 1864)</subfield></datafield><datafield ind1="1" ind2="4" tag="245"><subfield code="a">The Weekly Rocky Mountain news.</subfield></datafield><datafield ind1="3" ind2=" " tag="246"><subfield code="a">Rocky Mountain news</subfield></datafield><datafield ind1="3" ind2=" " tag="246"><subfield code="a">Weekly news</subfield></datafield><datafield ind1=" " ind2=" " tag="260"><subfield code="a">Denver, Colo. :</subfield><subfield code="b">Byers &amp; Dailey,</subfield><subfield code="c">1864-1865.</subfield></datafield><datafield ind1=" " ind2=" " tag="300"><subfield code="a">2 v.</subfield></datafield><datafield ind1=" " ind2=" " tag="310"><subfield code="a">Weekly</subfield></datafield><datafield ind1="0" ind2=" " tag="362"><subfield code="a">Vol. 6, no. 11 (June 29, 1864)-v. 7, no. 31 (Nov. 22, 1865).</subfield></datafield><datafield ind1=" " ind2=" " tag="515"><subfield code="a">Suspended publication May 20 - June 26, 1864 (Cherry Creek flood).</subfield></datafield><datafield ind1=" " ind2=" " tag="525"><subfield code="a">Supplements accompany some numbers.</subfield></datafield><datafield ind1=" " ind2=" " tag="580"><subfield code="a">Daily ed.: Daily Rocky Mountain news.</subfield></datafield><datafield ind1=" " ind2="0" tag="651"><subfield code="a">Denver (Colo.)</subfield><subfield code="v">Newspapers.</subfield></datafield><datafield ind1=" " ind2="7" tag="655"><subfield code="a">Newspapers.</subfield><subfield code="2">fast</subfield><subfield code="0">(OCoLC)fst01423814</subfield></datafield><datafield ind1=" " ind2="7" tag="651"><subfield code="a">Colorado</subfield><subfield code="z">Denver.</subfield><subfield code="2">fast</subfield><subfield code="0">(OCoLC)fst01205192</subfield></datafield><datafield ind1=" " ind2=" " tag="752"><subfield code="a">United States</subfield><subfield code="b">Colorado</subfield><subfield code="c">Denver</subfield><subfield code="d">Denver.</subfield></datafield><datafield ind1="1" ind2=" " tag="775"><subfield code="t">Daily Rocky Mountain news</subfield><subfield code="w">(DLC)sn 82014501</subfield><subfield code="w">(OCoLC)8789965</subfield></datafield><datafield ind1="1" ind2=" " tag="776"><subfield code="c">Microfilm</subfield><subfield code="d">Colorado Historical Society</subfield><subfield code="w">(DLC)sn 95073775</subfield><subfield code="w">(OCoLC)20559788</subfield></datafield><datafield ind1="0" ind2="0" tag="780"><subfield code="t">Rocky Mountain news (Cherry Creek, Kan. Terr. : 1859)</subfield><subfield code="w">(DLC)sn 82014497</subfield><subfield code="w">(OCoLC)8789930</subfield></datafield><datafield ind1="0" ind2="5" tag="780"><subfield code="t">Weekly commonwealth (Denver, Colo.)</subfield><subfield code="g">June 29, 1864</subfield><subfield code="w">(DLC)sn 82016464</subfield><subfield code="w">(OCoLC)9346615</subfield></datafield><datafield ind1="0" ind2="0" tag="785"><subfield code="t">Rocky Mountain news (Denver, Colo. : 1865)</subfield><subfield code="w">(DLC)sn 82014499</subfield><subfield code="w">(OCoLC)8789765</subfield></datafield></record>